@book {Adams:LELG,
    AUTHOR = {Adams, J. Frank},
     TITLE = {Lectures on exceptional {L}ie groups},
    SERIES = {Chicago Lectures in Mathematics},
 PUBLISHER = {University of Chicago Press},
   ADDRESS = {Chicago, IL},
      YEAR = {1996},
     PAGES = {xiv+122},
      ISBN = {0-226-00526-7; 0-226-00527-5},
   MRCLASS = {22-01 (22E10)},
  MRNUMBER = {MR1428422 (98b:22001)},
MRREVIEWER = {William M. McGovern},
}

@book {Adams:LLG,
    AUTHOR = {Adams, J. Frank},
     TITLE = {Lectures on {L}ie groups},
 PUBLISHER = {W. A. Benjamin, Inc., New York-Amsterdam},
      YEAR = {1969},
     PAGES = {xii+182},
   MRCLASS = {22.50},
  MRNUMBER = {MR0252560 (40 \#5780)},
MRREVIEWER = {N. R. Wallach},
}

@book {Borel:LAG,
    AUTHOR = {Borel, Armand},
     TITLE = {Linear algebraic groups},
   edition = {second enlarged},
    SERIES = {Graduate Texts in Mathematics},
    VOLUME = {126},
 PUBLISHER = {Springer-Verlag},
   ADDRESS = {New York},
      YEAR = {1991},
     PAGES = {xii+288},
      ISBN = {0-387-97370-2},
   MRCLASS = {20-01 (20Gxx)},
  MRNUMBER = {MR1102012 (92d:20001)},
MRREVIEWER = {F. D. Veldkamp},
}

@book {CSM:LLGLA,
    AUTHOR = {Carter, Roger and Segal, Graeme and Macdonald, Ian},
     TITLE = {Lectures on {L}ie groups and {L}ie algebras},
    SERIES = {London Mathematical Society Student Texts},
    VOLUME = {32},
 PUBLISHER = {Cambridge University Press},
   ADDRESS = {Cambridge},
      YEAR = {1995},
     PAGES = {vii+190},
      ISBN = {0-521-49579-2; 0-521-49922-4},
   MRCLASS = {17Bxx (20Gxx 22-02 22Exx)},
  MRNUMBER = {MR1356712 (97f:17002)},
MRREVIEWER = {Hartmut Schlosser},
}

@BOOK{Fuchs,
  AUTHOR =       {Fuchs, Dmitry},
  TITLE =        {Cohomology of infinite dimensional Lie algebras?},
  PUBLISHER =    {I don't know if this book exists},
  YEAR =         {2050},
}

@BOOK {FulHar,
    AUTHOR = {Fulton, William and Harris, Joe and },
     TITLE = {Representation theory},
    SERIES = {Graduate Texts in Mathematics},
    VOLUME = {129},
 PUBLISHER = {Springer-Verlag},
   ADDRESS = {New York},
      YEAR = {1991},
     PAGES = {xvi+551},
      ISBN = {0-387-97527-6; 0-387-97495-4},
   MRCLASS = {20G05 (17B10 20G20 22E46)},
  MRNUMBER = {MR1153249 (93a:20069)},
MRREVIEWER = {James E. Humphreys},
}

@book {Hartshorne,
    AUTHOR = {Hartshorne, Robin},
     TITLE = {Algebraic geometry},
 PUBLISHER = {Springer-Verlag},
   ADDRESS = {New York},
      YEAR = {1977},
     PAGES = {xvi+496},
      ISBN = {0-387-90244-9},
   MRCLASS = {14-01},
  MRNUMBER = {MR0463157 (57 \#3116)},
MRREVIEWER = {Robert Speiser},
}

@book {Hatcher,
    AUTHOR = {Hatcher, Allen},
     TITLE = {Algebraic topology},
 PUBLISHER = {Cambridge University Press},
   ADDRESS = {Cambridge},
      YEAR = {2002},
     PAGES = {xii+544},
      ISBN = {0-521-79160-X; 0-521-79540-0},
   MRCLASS = {55-01 (55-00)},
  MRNUMBER = {MR1867354 (2002k:55001)},
MRREVIEWER = {Donald W. Kahn},
}

@book {Helgason,
    AUTHOR = {Helgason, Sigurdur},
     TITLE = {Differential geometry, {L}ie groups, and symmetric spaces},
    SERIES = {Graduate Studies in Mathematics},
    VOLUME = {34},
 PUBLISHER = {American Mathematical Society},
   ADDRESS = {Providence, RI},
      YEAR = {2001},
     PAGES = {xxvi+641},
      ISBN = {0-8218-2848-7},
   MRCLASS = {53C35 (22E10 22E46 22E60)},
  MRNUMBER = {MR1834454 (2002b:53081)},
}

@book {HiltonStammbach,
    AUTHOR = {Hilton, P. J. and Stammbach, U.},
     TITLE = {A course in homological algebra},
    SERIES = {Graduate Texts in Mathematics},
    VOLUME = {4},
 PUBLISHER = {Springer-Verlag},
   ADDRESS = {New York},
      YEAR = {1997},
     PAGES = {xii+364},
      ISBN = {0-387-94823-6},
   MRCLASS = {18-02 (17B56 18Gxx 20J05)},
  MRNUMBER = {MR1438546 (97k:18001)},
}

@book {Humphreys:LART,
    AUTHOR = {Humphreys, James E.},
     TITLE = {Introduction to {L}ie algebras and representation theory},
    SERIES = {Graduate Texts in Mathematics},
    VOLUME = {9},
 PUBLISHER = {Springer-Verlag},
   ADDRESS = {New York},
      YEAR = {1978},
     PAGES = {xii+171},
      ISBN = {0-387-90053-5},
   MRCLASS = {17Bxx},
  MRNUMBER = {MR499562 (81b:17007)},
MRREVIEWER = {I. P. Shestakov},
}

@book {Kac:IDLA,
    AUTHOR = {Kac, Victor G.},
     TITLE = {Infinite dimensional {L}ie algebras},
 PUBLISHER = {Cambridge University Press},
   ADDRESS = {Cambridge},
      YEAR = {1990},
     PAGES = {xxii+400},
      ISBN = {0-521-37215-1; 0-521-46693-8},
   MRCLASS = {17B65 (17B67 17B68 58F07)},
  MRNUMBER = {MR1104219 (92k:17038)},
}

@book {Knapp:LGBI,
    AUTHOR = {Knapp, Anthony W.},
     TITLE = {Lie groups beyond an introduction},
    SERIES = {Progress in Mathematics},
    VOLUME = {140},
 PUBLISHER = {Birkh\"auser Boston Inc.},
   ADDRESS = {Boston, MA},
      YEAR = {2002},
     PAGES = {xviii+812},
      ISBN = {0-8176-4259-5},
   MRCLASS = {22-01},
  MRNUMBER = {MR1920389 (2003c:22001)},
}

@MISC{Knutson:261A,
  author =       {Knutson, Allen},
  title =        {\textit{Math 261A - Lie groups and Lie algebras}},
  howpublished = {\\ \url{http://math.berkeley.edu/~allenk/courses/fall01/261/}},
  year =         {2001},
  month =        {Fall},
  note =         {},
  abstract =     {},
  keywords =     {},
  source =       {},
}

@MISC{Knutson:261B,
  author =       {Knutson, Allen},
  title =        {\textit{Math 261B - Lie groups and Lie algebras}},
  howpublished = {\\ \url{http://math.berkeley.edu/~allenk/courses/spr02/261b/}},
  year =         {2002},
  month =        {Spring},
  note =         {},
  abstract =     {},
  keywords =     {},
  source =       {},
}

@book {Lang:Algebra,
    AUTHOR = {Lang, Serge},
     TITLE = {Algebra},
    SERIES = {Graduate Texts in Mathematics},
    VOLUME = {211},
 PUBLISHER = {Springer-Verlag},
   ADDRESS = {New York},
      YEAR = {2002},
     PAGES = {xvi+914},
      ISBN = {0-387-95385-X},
   MRCLASS = {00A05 (15-02)},
  MRNUMBER = {MR1878556 (2003e:00003)},
}

@book {Lee:ISM,
    AUTHOR = {Lee, John M.},
     TITLE = {Introduction to smooth manifolds},
    SERIES = {Graduate Texts in Mathematics},
    VOLUME = {218},
 PUBLISHER = {Springer-Verlag},
   ADDRESS = {New York},
      YEAR = {2003},
     PAGES = {xviii+628},
      ISBN = {0-387-95495-3},
   MRCLASS = {58-01 (53-01 57-01)},
  MRNUMBER = {MR1930091 (2003k:58001)},
MRREVIEWER = {J{\"u}rgen Eichhorn},
}

@book {Montgomery,
    AUTHOR = {Montgomery, Susan},
     TITLE = {Hopf algebras and their actions on rings},
    SERIES = {CBMS Regional Conference Series in Mathematics},
    VOLUME = {82},
 PUBLISHER = {Published for the Conference Board of the Mathematical
              Sciences, Washington, DC},
      YEAR = {1993},
     PAGES = {xiv+238},
      ISBN = {0-8218-0738-2},
   MRCLASS = {16W30},
  MRNUMBER = {MR1243637 (94i:16019)},
MRREVIEWER = {E. J. Taft},
}

@book {OnishchikVinberg,
    AUTHOR = {Onishchik, A. L. and Vinberg, {\`E}. B.},
     TITLE = {Lie groups and algebraic groups},
    SERIES = {Springer Series in Soviet Mathematics},
 PUBLISHER = {Springer-Verlag},
   ADDRESS = {Berlin},
      YEAR = {1990},
     PAGES = {xx+328},
      ISBN = {3-540-50614-4},
   MRCLASS = {22-01 (17B20 20G20 22E10 22E15)},
  MRNUMBER = {MR1064110 (91g:22001)},
MRREVIEWER = {James E. Humphreys},
}

@book {Serre:CSLA,
    AUTHOR = {Serre, Jean-Pierre},
     TITLE = {Complex semisimple {L}ie algebras},
 PUBLISHER = {Springer-Verlag},
   ADDRESS = {New York},
      YEAR = {1987},
     PAGES = {x+74},
      ISBN = {0-387-96569-6},
   MRCLASS = {17-01 (17B20)},
  MRNUMBER = {MR914496 (89b:17001)},
}

@book {Warner,
    AUTHOR = {Warner, Frank W.},
     TITLE = {Foundations of differentiable manifolds and {L}ie groups},
    SERIES = {Graduate Texts in Mathematics},
    VOLUME = {94},
 PUBLISHER = {Springer-Verlag},
   ADDRESS = {New York},
      YEAR = {1983},
     PAGES = {ix+272},
      ISBN = {0-387-90894-3},
   MRCLASS = {58-01 (22-01 53-01 57R99)},
  MRNUMBER = {MR722297 (84k:58001)},
}
